%YAML 1.1
%TAG !u! tag:unity3d.com,2011:
--- !u!1 &2086782786377110851
GameObject:
  m_ObjectHideFlags: 0
  m_CorrespondingSourceObject: {fileID: 0}
  m_PrefabInstance: {fileID: 0}
  m_PrefabAsset: {fileID: 0}
  serializedVersion: 6
  m_Component:
  - component: {fileID: 2622220637989970009}
  - component: {fileID: 4880918333944038948}
  - component: {fileID: 7767405474409197288}
  - component: {fileID: 541687386034151228}
  m_Layer: 0
  m_Name: Cube
  m_TagString: Untagged
  m_Icon: {fileID: 0}
  m_NavMeshLayer: 0
  m_StaticEditorFlags: 0
  m_IsActive: 1
--- !u!4 &2622220637989970009
Transform:
  m_ObjectHideFlags: 0
  m_CorrespondingSourceObject: {fileID: 0}
  m_PrefabInstance: {fileID: 0}
  m_PrefabAsset: {fileID: 0}
  m_GameObject: {fileID: 2086782786377110851}
  m_LocalRotation: {x: 0, y: 0, z: 0, w: 1}
  m_LocalPosition: {x: 0, y: 0, z: 0}
  m_LocalScale: {x: 1, y: 1, z: 1}
  m_Children: []
  m_Father: {fileID: 2165508451603130730}
  m_RootOrder: 1
  m_LocalEulerAnglesHint: {x: 0, y: 0, z: 0}
--- !u!33 &4880918333944038948
MeshFilter:
  m_ObjectHideFlags: 0
  m_CorrespondingSourceObject: {fileID: 0}
  m_PrefabInstance: {fileID: 0}
  m_PrefabAsset: {fileID: 0}
  m_GameObject: {fileID: 2086782786377110851}
  m_Mesh: {fileID: 10202, guid: 0000000000000000e000000000000000, type: 0}
--- !u!23 &7767405474409197288
MeshRenderer:
  m_ObjectHideFlags: 0
  m_CorrespondingSourceObject: {fileID: 0}
  m_PrefabInstance: {fileID: 0}
  m_PrefabAsset: {fileID: 0}
  m_GameObject: {fileID: 2086782786377110851}
  m_Enabled: 1
  m_CastShadows: 1
  m_ReceiveShadows: 1
  m_DynamicOccludee: 1
  m_MotionVectors: 1
  m_LightProbeUsage: 1
  m_ReflectionProbeUsage: 1
  m_RenderingLayerMask: 1
  m_RendererPriority: 0
  m_Materials:
  - {fileID: 10303, guid: 0000000000000000f000000000000000, type: 0}
  m_StaticBatchInfo:
    firstSubMesh: 0
    subMeshCount: 0
  m_StaticBatchRoot: {fileID: 0}
  m_ProbeAnchor: {fileID: 0}
  m_LightProbeVolumeOverride: {fileID: 0}
  m_ScaleInLightmap: 1
  m_PreserveUVs: 0
  m_IgnoreNormalsForChartDetection: 0
  m_ImportantGI: 0
  m_StitchLightmapSeams: 1
  m_SelectedEditorRenderState: 3
  m_MinimumChartSize: 4
  m_AutoUVMaxDistance: 0.5
  m_AutoUVMaxAngle: 89
  m_LightmapParameters: {fileID: 0}
  m_SortingLayerID: 0
  m_SortingLayer: 0
  m_SortingOrder: 0
--- !u!65 &541687386034151228
BoxCollider:
  m_ObjectHideFlags: 0
  m_CorrespondingSourceObject: {fileID: 0}
  m_PrefabInstance: {fileID: 0}
  m_PrefabAsset: {fileID: 0}
  m_GameObject: {fileID: 2086782786377110851}
  m_Material: {fileID: 0}
  m_IsTrigger: 0
  m_Enabled: 1
  serializedVersion: 2
  m_Size: {x: 1, y: 1, z: 1}
  m_Center: {x: 0, y: 0, z: 0}
--- !u!1 &6943557130973090565
GameObject:
  m_ObjectHideFlags: 0
  m_CorrespondingSourceObject: {fileID: 0}
  m_PrefabInstance: {fileID: 0}
  m_PrefabAsset: {fileID: 0}
  serializedVersion: 6
  m_Component:
  - component: {fileID: 2165508451603130730}
  m_Layer: 0
  m_Name: WeepingEloi
  m_TagString: Untagged
  m_Icon: {fileID: 0}
  m_NavMeshLayer: 0
  m_StaticEditorFlags: 0
  m_IsActive: 1
--- !u!4 &2165508451603130730
Transform:
  m_ObjectHideFlags: 0
  m_CorrespondingSourceObject: {fileID: 0}
  m_PrefabInstance: {fileID: 0}
  m_PrefabAsset: {fileID: 0}
  m_GameObject: {fileID: 6943557130973090565}
  m_LocalRotation: {x: 0, y: 0, z: 0, w: 1}
  m_LocalPosition: {x: 5.916754, y: 1.5075283, z: 9.94074}
  m_LocalScale: {x: 1, y: 1, z: 1}
  m_Children:
  - {fileID: 6591895732682451686}
  - {fileID: 2622220637989970009}
  m_Father: {fileID: 0}
  m_RootOrder: 0
  m_LocalEulerAnglesHint: {x: 0, y: 0, z: 0}
--- !u!1001 &2162197247497519612
PrefabInstance:
  m_ObjectHideFlags: 0
  serializedVersion: 2
  m_Modification:
    m_TransformParent: {fileID: 2165508451603130730}
    m_Modifications:
    - target: {fileID: -927199367670048503, guid: 9dde9f8826c29564db62a2f35957ce24,
        type: 3}
      propertyPath: m_Name
      value: WeepingEloi
      objectReference: {fileID: 0}
    - target: {fileID: -4216859302048453862, guid: 9dde9f8826c29564db62a2f35957ce24,
        type: 3}
      propertyPath: m_LocalPosition.x
      value: -2.437
      objectReference: {fileID: 0}
    - target: {fileID: -4216859302048453862, guid: 9dde9f8826c29564db62a2f35957ce24,
        type: 3}
      propertyPath: m_LocalPosition.y
      value: 0.591
      objectReference: {fileID: 0}
    - target: {fileID: -4216859302048453862, guid: 9dde9f8826c29564db62a2f35957ce24,
        type: 3}
      propertyPath: m_LocalPosition.z
      value: 2.558
      objectReference: {fileID: 0}
    - target: {fileID: -4216859302048453862, guid: 9dde9f8826c29564db62a2f35957ce24,
        type: 3}
      propertyPath: m_LocalRotation.x
      value: -0
      objectReference: {fileID: 0}
    - target: {fileID: -4216859302048453862, guid: 9dde9f8826c29564db62a2f35957ce24,
        type: 3}
      propertyPath: m_LocalRotation.y
      value: -0
      objectReference: {fileID: 0}
    - target: {fileID: -4216859302048453862, guid: 9dde9f8826c29564db62a2f35957ce24,
        type: 3}
      propertyPath: m_LocalRotation.z
      value: -0
      objectReference: {fileID: 0}
    - target: {fileID: -4216859302048453862, guid: 9dde9f8826c29564db62a2f35957ce24,
        type: 3}
      propertyPath: m_LocalRotation.w
      value: 1
      objectReference: {fileID: 0}
    - target: {fileID: -4216859302048453862, guid: 9dde9f8826c29564db62a2f35957ce24,
        type: 3}
      propertyPath: m_RootOrder
      value: 0
      objectReference: {fileID: 0}
    - target: {fileID: -4216859302048453862, guid: 9dde9f8826c29564db62a2f35957ce24,
        type: 3}
      propertyPath: m_LocalEulerAnglesHint.x
      value: 0
      objectReference: {fileID: 0}
    - target: {fileID: -4216859302048453862, guid: 9dde9f8826c29564db62a2f35957ce24,
        type: 3}
      propertyPath: m_LocalEulerAnglesHint.y
      value: 0
      objectReference: {fileID: 0}
    - target: {fileID: -4216859302048453862, guid: 9dde9f8826c29564db62a2f35957ce24,
        type: 3}
      propertyPath: m_LocalEulerAnglesHint.z
      value: 0
      objectReference: {fileID: 0}
    - target: {fileID: -4216859302048453862, guid: 9dde9f8826c29564db62a2f35957ce24,
        type: 3}
      propertyPath: m_LocalScale.x
      value: 0.000023171813
      objectReference: {fileID: 0}
    - target: {fileID: -4216859302048453862, guid: 9dde9f8826c29564db62a2f35957ce24,
        type: 3}
      propertyPath: m_LocalScale.y
      value: 0.000023171813
      objectReference: {fileID: 0}
    - target: {fileID: -4216859302048453862, guid: 9dde9f8826c29564db62a2f35957ce24,
        type: 3}
      propertyPath: m_LocalScale.z
      value: 0.000023171813
      objectReference: {fileID: 0}
    - target: {fileID: -2416733968201007103, guid: 9dde9f8826c29564db62a2f35957ce24,
        type: 3}
      propertyPath: m_Materials.Array.data[0]
      value: 
      objectReference: {fileID: 2100000, guid: 11ab455a2f5176249aa0729a905f5056, type: 2}
    m_RemovedComponents: []
  m_SourcePrefab: {fileID: 100100000, guid: 9dde9f8826c29564db62a2f35957ce24, type: 3}
--- !u!4 &6591895732682451686 stripped
Transform:
  m_CorrespondingSourceObject: {fileID: -4216859302048453862, guid: 9dde9f8826c29564db62a2f35957ce24,
    type: 3}
  m_PrefabInstance: {fileID: 2162197247497519612}
  m_PrefabAsset: {fileID: 0}
